@techreport{kang:foda:1990,
        author = {Kang, K. and Cohen, S. and Hess, J. and Nowak, W. and Peterson, S.},
        number = {CMU/SEI-90-TR-21},
        institution = {CMU},
        title = {Feature-Oriented Domain Analysis ({FODA}) Feasibility Study},
        year = {1990}
}

@inproceedings{bak:clafer:2010,
 author = {B\k{a}k, Kacper and Czarnecki, Krzysztof and W\k{a}sowski, Andrzej},
 title = {{Feature and meta-models in Clafer: mixed, specialized, and coupled}},
 series = {SLE'10},
        year = {2010}
} 

@conference{berger:varmodel:2010,
 author = {Berger, Thorsten and She, Steven and Lotufo, Rafael and W\k{a}sowski, Andrzej and Czarnecki, Krzysztof},
 title = {Variability modeling in the real: a perspective from the operating systems domain},
 booktitle = {ASE'10},
 year = {2010}
} 

@book{jackson:alloy:2006,
        author = {Jackson, Daniel},
        howpublished = {Hardcover},
        publisher = {{The MIT Press}},
        title = {Software Abstractions: Logic, Language, and Analysis},
        year = {2006}
}
